@ARTICLE{arikan,
   author = {E. Ar{\i}kan},
   title = {{C}hannel polarization: {A} method for constructing capacity-
achieving codes for symmetric binary-input memoryless channels},
   journal = {IEEE Transactions on Information Theory},
   volume = {55, no. 7},
   pages = {3051-3073},
   year = {July 2009}
}
@ARTICLE{rsync,
   author = {A. Tridgell and P. Mackerras},
   title = {The r-sync algorithm},
   journal = {Joint Computer Science and Technical Report Series},
   volume = {TR-CS-96-05},
   pages = {},
   year = {1996}
}

@ARTICLE{sw,
   author = {D. Slepian and J. K. Wolf },
   title = {{N}oiseless {C}oding of {C}orrelated {I}nformation {S}ources},
   journal = {IEEE Transactions on Information Theory},
   volume = {},
   pages = {},
   year = {1973}
}

@ARTICLE{discus,
   author = {S. Sandeep Pradhan  and K. Ramachanderan},
   title = {{D}istributed {S}ource {C}oding {U}sing {S}yndromes ({DISCUS}):{D}esign and {C}onstruction},
   journal = {IEEE Transactions on Information Theory},
   volume = {49,No. 3},
   pages = {},
   year = {2003}
}

@ARTICLE{pslep,
   author = {S. Onay},
   title = {{P}olar {C}odes for {N}onassymetric {S}lepian-{W}olf {C}oding},
   journal = {arXiv.1208.3056v1[cs.IT]},
   volume = {},
   pages = {},
   year = {August 2012}
}

@ARTICLE{htsw,
   author = {H. Tyagi and S. Watanabe},
   title = {{U}niversal {M}ultiparty {D}ata {E}xchange and {S}ecret {K}ey {A}rrangement},
   journal = {ISIT},
   volume = {},
   pages = {},
   year = {2016}
}

@ARTICLE{zhang,
   author = {Y. Zhang et al.},
   title = {{A} {P}ractical {C}onstruction {M}ethod for {P}olar {C}odes},
   journal = {IEEE Communication letters},
   volume = {18, no. 11},
   pages = {},
   year = {Nov. 2014}
}

@ARTICLE{chen,
   author = {B. Li ,D. Tse,K. Chen and H. Shen},
   title = {{C}apacity {A}chieving {R}ateless {P}olar {C}odes},
   journal = {arXiv.1508.0311v1[cs.IT]},
   volume = {},
   pages = {},
   year = {Aug. 2015}
}

@ARTICLE{wang,
   author = {E. Sasoglu and L. Wang},
   title = {{U}niversal {P}olarization},
   journal = {arXiv:1307.7495v2[cs.IT]},
   volume = {},
   pages = {},
   year = {Dec. 2013}
}

@ARTICLE{rbharq,
   author = {J. Fricke, H. Schoeneich, and P. A. Hoeher},
   title = {{R}eliability based retransmission criterion for {HARQ}},
   journal = {IEEE Transaction on Communications},
   volume = { VOL. 57, NO. 8},
   pages = {},
   year = {Aug. 2009}
}

@ARTICLE{harqtav,
   author = {S. Tavildar},
   title = {A {H-ARQ} {S}cheme for {P}olar codes},
   journal = {arXiv.1606.08545v1[cs.IT]},
   volume = {},
   pages = {},
   year = {Jun. 2016}
}

@ARTICLE{mondelli,
   author = {M. Mondelli et al.},
   title = {{C}apacity achieving rate compatible polar codes for general channels},
   journal = {arXiv.1611.01199v2[cs.IT]},
   volume = {},
   pages = {},
   year = {Jan. 2017}
}

@ARTICLE{harqcheng,
   author = {J. Cheng},
   title = {{C}oding {P}erformance of {H}ybrid {ARQ} schemes},
   journal = {IEEE Transaction on Communications},
   volume = { VOL. 54, NO. 6},
   pages = {},
   year = {Jun. 2006}
}

@ARTICLE{harqmukhtar,
   author = {H. Mukhtar, A. Al-Dweik, M. Al-Mualla},
   title = {{CRC}-{F}ree {H}ybrid {ARQ} using {T}urbo {P}roduct codes},
   journal = {IEEE Transaction on Communications},
   volume = { VOL. 62, NO. 12},
   pages = {},
   year = {Dec. 2014}
}

@ARTICLE{harqchen,
   author = {K. Chen, K. Niu, J. Lin},
   title = {{A} {H}ybrid {ARQ} {S}cheme based on {P}olar codes},
   journal = {IEEE Transaction on Communications},
   volume = { VOL. 17, NO. 10},
   pages = {},
   year = {Oct. 2013}
}