@ARTICLE{shannon,
   author = {C. E. Shannon},
   title = {A mathematical theory of communication},
   journal = {The Bell Systems Technical Journal},
   volume = {27},
   pages = {379–423, 623–656},
   year = {July/Oct. 1948}
}

@ARTICLE{arikan,
   author = {E. Ar{\i}kan},
   title = {Channel polarization: A method for constructing capacity-
achieving codes for symmetric binary-input memoryless channels},
   journal = {IEEE Transactions on Information Theory},
   volume = {55, no. 7},
   pages = {3051-3073},
   year = {July 2009}
}

@ARTICLE{ldpc,
   author = {S. Kudekar and T. Richardson and R. Urbanke},
   title = {Spatially coupled ensembles universally achieve capacity under belief propagation},
   journal = {IEEE Transactions on Information Theory},
   volume = {59, no. 12},
   pages = {7761–7813},
   year = {Dec. 2013}
}

@ARTICLE{rsync,
   author = {A. Tridgell and P. Mackerras},
   title = {The r-sync algorithm},
   journal = {Joint Computer Science and Technical Report Series},
   volume = {TR-CS-96-05},
   pages = {},
   year = {1996}
}

@ARTICLE{sw,
   author = {D. Slepian and J. K. Wolf },
   title = {Noiseless Coding of Correlated Information Sources},
   journal = {IEEE Transactions on Information Theory},
   volume = {},
   pages = {},
   year = {1973}
}

@ARTICLE{discus,
   author = {S. Sandeep Pradhan  and K. Ramachanderan},
   title = {Distributed Source Coding Using Syndromes (DISCUS):Design and Construction},
   journal = {IEEE Transactions on Information Theory},
   volume = {49,No. 3},
   pages = {},
   year = {2003}
}

@ARTICLE{pslep,
   author = {S. Onay},
   title = {Polar Codes for Nonassymetric Slepian-Wolf Coding},
   journal = {arXiv.1208.3056v1[cs.IT]},
   volume = {},
   pages = {},
   year = {August 2012}
}

@ARTICLE{htsw,
   author = {H. Tyagi and S. Watanabe},
   title = {Universal Multiparty Data Exchange and Secret Key Arrangement},
   journal = {ISIT},
   volume = {},
   pages = {},
   year = {2016}
}

@ARTICLE{exit,
   author = {S. ten Brink},
   title = {Convergence of iterative decoding},
   journal = {Electronic Letters},
   volume = {35, no. 10},
   pages = {806-808},
   year = {May 1999}
}

@ARTICLE{areathm,
   author = {A. Ashikhmin and G. Kramer and S. ten Brink},
   title = {Extrinsic information transfer functions: model and erasure channel properties},
   journal = {IEEE Transactions on Information Theory},
   volume = {50, no. 11},
   pages = {2657-2674},
   year = {Nov. 2004}
}

@ARTICLE{margulis,
   author = {G. A. Margulis},
   title = {Probabilistic characteristics of graphs with large
connectivity},
   journal = {Problems of Information Transmission},
   volume = {10, no. 2},
   pages = {101-108},
   year = {1974}
}

@ARTICLE{russo,
   author = {L. Russo},
   title = {An approximate zero-one law},
   journal = {Probability Theory and Related Fields},
   volume = {61, no. 1},
   pages = {129-139},
   year = {1982}
}

@ARTICLE{talagrand,
   author = {M. Talagrand},
   title = {On Russo’s approximate zero-one law},
   journal = {The annals of probability},
   volume = {},
   pages = {1576-1587},
   year = {1994}
}
