@ARTICLE{HTRDE,
	title = {{U}niversal {M}ultiparty {D}ata {E}xchange and {S}ecret {K}ey {A}greement,{H}imanshu {T}yagi and {S}hun {W}atanabe, {I}nformation {T}heory ({ISIT}),  2016 {IEEE} {I}nternational {S}ymposium},
   	}
	
@ARTICLE{PCSW,
	title = {{P}olar {C}odes for {N}onasymetric {S}lepian-{W}olf Coding, {S}aygun {O}nay,2012},
	}

@ARTICLE{KC,
	title = {{C}apacity-{A}chieving {R}ateless {P}olar-{C}odes, {B}in {L}i et al.  2015},
	}